<?xml version="1.0" encoding="UTF-8"?><collection xmlns="http://www.loc.gov/MARC21/slim"><record><leader>00489nam--2200145-i-4500</leader><controlfield tag="001">000036233</controlfield><controlfield tag="002">20161230</controlfield><controlfield tag="005">20161230201040</controlfield><controlfield tag="008">060222s1000------------r-----000-0-eng-d</controlfield><datafield ind1=" " ind2=" " tag="080"><subfield code="a">542.43</subfield></datafield><datafield ind1=" " ind2=" " tag="100"><subfield code="a">O`Haver,T.C., Winefordner,J.D. And Schulman,S.G</subfield></datafield><datafield ind1=" " ind2=" " tag="245"><subfield code="a">Luminescence spectrometry in analytical chemistry</subfield></datafield><datafield ind1=" " ind2=" " tag="260"><subfield code="a">New York, Wiley-interscience, 1972. Xiii+354p</subfield></datafield><datafield ind1=" " ind2=" " tag="490"><subfield code="a">Chemical Analysis. A Series Of Monographs On Analytical Chemistry And Its Applications</subfield></datafield><datafield ind1=" " ind2=" " tag="852"><subfield code="a">13701</subfield></datafield></record></collection>